2362 4552
477 460 549 540 reflae
566 454 698 530 amois}
1023 474 1058 539 37

68 563 203 637 Virgine,
226 570 309 636 quam
327 564 442 637 Spiritus
459 561 698 673 struar'restater
723 548 873 630 obediunt,
897 560 1020 629 subditur
1035 587 1093 629 erat

63 638 250 702 foecundavit:
279 644 305 697 &
333 656 398 697 cum
425 638 453 695 in
478 640 564 695 omni-
594 639 705 696 blariae·
1114 662 1119 671 ·

64 711 114 769 bars
129 712 259 771 matribus
283 731 336 769 non
360 711 404 769 liat
430 708 480 769 sm:
496 711 564 783 Jpec·
593 724 626 782 lla·
644 714 724 768 litata
741 730 787 775 ts,
813 713 900 783 Virgo
917 714 1022 773 Marias
1042 715 1098 775 Dei

62 790 118 844 cati
139 784 211 843 sorde
228 790 394 857 conceptio,
422 784 480 843 hec
507 784 566 843 inde
593 787 741 865 Genitrirt,
767 804 827 853 qua
846 783 981 844 credidisti
998 788 1100 849 Domi-

62 861 247 932 purgationtm
279 862 360 918 traxit
395 857 463 917 uude
501 877 564 917 ton·
593 879 657 929 no,
680 860 796 931 perlesia
822 857 881 916 sunt
911 862 938 917 in
961 878 1006 931 te,
1038 881 1100 933 φιτ

61 935 134 1007 cepit
151 973 158 990 .
592 933 663 992 didla
680 934 739 991 sunt
756 932 824 992 tibi:
851 936 865 968 ⁴
889 936 1033 1006 Propterea
1051 938 1098 997 bt·

65 1017 101 1075 ip.
120 1003 257 1068 Bmedista
274 1011 344 1066 iuter
361 1004 510 1076 mulieres,
538 1014 564 1067 8t
592 1007 695 1065 nedixit
712 1022 737 1063 te
755 1006 833 1065 Deua
852 1008 880 1063 in
898 1027 1041 1066 arternum.
1146 1052 1151 1061 ,

64 1081 217 1138 beneditius
234 1085 333 1141 iratius
351 1083 452 1139 ventris
470 1086 530 1139 tui.
550 1086 565 1117 *
593 1082 628 1143 il-
655 1079 760 1139 Dffasa
791 1076 828 1136 tll
852 1082 937 1153 gratia
967 1083 994 1138 in
1018 1080 1098 1145 labiit

63 1154 144 1215 Unde
165 1153 217 1210 ltot
237 1154 323 1224 milri,
350 1174 380 1212 ut
401 1156 488 1214 veniat
509 1156 563 1213 Ma·
593 1157 667 1213 ruia.-
685 1151 816 1213 intercede
833 1173 882 1227 pro
898 1154 975 1213 nobie
989 1154 1022 1212 ad
1036 1158 1096 1215 Do·

63 1245 105 1286 ter
124 1230 238 1287 Domini
259 1232 310 1286 mei
331 1229 363 1285 ad
382 1239 444 1288 me?
593 1231 693 1287 minum
713 1223 807 1284 Deum
826 1224 960 1287 nostrum.
982 1230 1098 1305 Propte-

61 1302 95 1366 l'.
114 1303 241 1372 Respexit
268 1302 450 1359 humilitatem
470 1300 561 1359 Ancil·
594 1323 635 1360 rea
655 1302 798 1358 benedixit.

61 1375 95 1433 lae
122 1377 200 1443 sue,
226 1383 253 1435 δι
282 1376 347 1432 secit
372 1376 440 1433 mibi
471 1393 564 1447 magna
593 1369 755 1436 benedil'lie.
781 1375 870 1447 Cujus
897 1372 1000 1435 Festum
1022 1375 1096 1439 coli.

62 1452 110 1518 qui
130 1467 223 1521 portus
242 1446 296 1507 est.
315 1447 404 1507 Unde.
593 1469 668 1515 inus,
684 1449 742 1521 ipsa
761 1452 846 1511 Virrio
865 1451 1027 1521 Virginum.

63 1520 165 1582 Gloria
186 1522 269 1580 Patri.
296 1521 385 1581 Unde.
757 1518 841 1584 Leslio
860 1521 931 1581 vir'r'.

171 1604 203 1653 sir
221 1594 299 1651 tertio
317 1595 465 1657 Nollttrno.
682 1598 754 1655 Frate
770 1592 945 1660 utrumllbtt›
963 1604 990 1655 &
1005 1597 1095 1672 elige,

64 1670 99 1731 F.
125 1674 201 1728 Fecit
229 1668 296 1725 milri
324 1689 415 1739 magna
441 1672 499 1751 qui·
516 1688 564 1741 po-
595 1605 670 1725 M
690 1670 761 1739 quod
780 1666 896 1739 amplius
914 1673 1039 1737 mireris,
1063 1670 1098 1729 li·

62 1762 121 1800 tem
139 1741 194 1803 til.
220 1752 253 1812 lp.
274 1742 460 1802 Misericordia
476 1760 565 1802 elusa
593 1765 623 1801 ve
645 1741 708 1805 Filii
728 1738 941 1813 benignissimam
959 1744 1094 1815 dignatio·
1148 1794 1157 1813 ,

60 1820 190 1947 {rogerie
216 1819 243 1874 in
275 1819 412 1890 progenies
446 1819 565 1875 timenti·
591 1838 680 1889 nem,
709 1814 759 1874 five
789 1820 884 1877 Matris
908 1814 1094 1877 excellentissi-

83 1910 112 1946 us
128 1912 209 1950 eum.
358 1903 361 1907 ’
594 1911 663 1949 nram
681 1890 857 1962 dignitatem·
883 1892 1022 1961 Utrinque
1036 1888 1092 1951 stu·

80 1966 180 2025 Lectio
198 1966 277 2024 saneti
295 1963 433 2037 Evangelii
453 1963 547 2025 secun·
593 1985 671 2035 por,
701 1970 822 2038 utrinque
843 1962 1026 2023 miraculum.
1055 1970 1091 2025 Et

209 2036 274 2096 dlrm
293 2043 416 2099 Lucam.
592 2038 666 2109 quod
683 2037 760 2097 Deus
779 2040 884 2097 feminae
902 2038 1091 2111 obtemperet,

101 2110 185 2175 Lel'lr'o
201 2112 258 2169 vii·
425 2123 486 2189 cap.
502 2127 527 2183 3.
592 2110 732 2170 hurrrilitaa
764 2114 860 2185 absque
890 2110 1034 2183 exemplo:
1064 2120 1092 2176 δι

99 2188 128 2244 Ν
155 2185 204 2243 illo
227 2203 368 2258 tempore:
396 2188 470 2247 Cum
492 2187 563 2245 redi·
591 2186 662 2255 quod
689 2186 750 2243 Deo
777 2186 876 2246 femina
900 2188 1092 2258 principeturt

111 2277 196 2331 rent,
223 2259 343 2317 remanfit
361 2280 426 2334 putt
443 2260 519 2332 Jesus
537 2264 564 2318 in
595 2258 740 2317 sublimitas
760 2259 811 2319 sure
832 2261 921 2319 socio.
948 2259 979 2318 ln
998 2259 1088 2320 laudi-

58 2335 231 2403 Jttusa'em,
261 2339 287 2392 δι
304 2353 357 2391 non
384 2353 564 2406 cognoverunt
590 2332 639 2390 bus
663 2336 805 2404 Virginum
832 2329 998 2405 fingulariter
1016 2336 1091 2393 canl·

58 2408 185 2465 Parentes
202 2412 277 2482 ejus.
297 2413 330 2466 Et
348 2406 470 2477 reliqua.
528 2416 534 2431 “
591 2426 660 2473 tur,
694 2406 767 2480 quod
802 2407 947 2480 sequuntur
981 2410 1091 2483 Agrium

76 2480 200 2540 Humilia
227 2484 255 2542 S·
274 2481 395 2540 Bernardi
414 2482 543 2541 Abbatis.
590 2502 761 2554 quocumque
786 2484 864 2543 ierit.
888 2479 997 2555 Quibua
1022 2501 1088 2555 ergo

102 2555 199 2615 Hamil.
220 2573 244 2615 1.
262 2558 292 2611 de
310 2552 419 2613 laudib.
439 2555 517 2633 Virg.
589 2553 713 2615 laudibus
738 2557 843 2627 judicas
867 2555 1001 2627 dierum,
1029 2576 1090 2626 quae

252 2628 376 2686 Mettis.
589 2632 669 2688 etiam
689 2634 783 2701 praeit?
800 2631 883 2691 Disce
901 2627 985 2687 homo
997 2629 1091 2687 obedi·

142 2710 208 2762 Eum
231 2709 257 2763 dt
275 2703 425 2761 Dominum
445 2701 560 2778 Angelo-
589 2723 634 2771 re,
652 2705 723 2763 disce
742 2726 810 2763 terra
828 2704 920 2765 subdi,
938 2702 1009 2760 disce
1025 2700 1087 2774 pul·

150 2798 208 2835 rum
220 2780 304 2834 Maria
322 2777 396 2834 lirum
415 2775 559 2847 filiumap-
589 2780 628 2833 vis
659 2779 870 2850 obtemperare!
905 2777 949 2832 De
984 2778 1091 2834 Audin-

56 2848 160 2923 ptllat‚
177 2850 288 2911 dicens:
310 2847 380 2918 Fili,
397 2850 462 2919 quid
475 2849 558 2909 fecisti
588 2870 615 2906 rt
636 2870 683 2908 tuo
708 2850 817 2921 loquens
842 2844 1029 2917 Evangelilla:
1056 2854 1090 2907 Et

52 2925 136 2981 nobis
154 2921 205 2984 ste?
224 2921 559 2998 Quishoeaudtatllnge-
587 2942 672 2988 erat,
707 2928 823 2994 inquit,
855 2923 977 2979 l'ubditua
1005 2919 1088 2978 illis.

55 2993 166 3058 lorum?
184 2996 355 3065 Sufflatus,
373 3002 456 3069 &pro
466 3017 559 3069 magno
589 2996 716 3055 Erubesce
750 2995 859 3071 superbe
884 2997 979 3053 ciuis·
1011 2995 1091 3056 Deua

54 3068 173 3138 habeut,
191 3070 265 3141 quod
279 3067 396 3128 cumfiut
409 3072 558 3142 spiritusex
588 3065 613 3129 l'e
644 3068 799 3137 humiliat,
836 3078 863 3131 δι
896 3087 926 3127 tu
962 3088 991 3129 tc
1021 3068 1094 3129 ertal-

54 3142 229 3216 corulitione,
255 3166 288 3202 ex
306 3148 390 3213 gratia
409 3147 471 3203 farei
491 3144 557 3215 bnt,
586 3154 645 3205 tta?
661 3145 736 3204 Deua
756 3145 780 3201 se
798 3142 955 3221 hominibus
974 3144 1061 3203 subdit
1080 3184 1091 3218 ,

54 3224 87 3280 ὅ(
108 3218 199 3277 vocati
227 3216 349 3289 negeb,
374 3217 483 3278 testante
501 3221 557 3277 Da·
586 3223 612 3277 &
637 3236 668 3276 tu
692 3216 822 3275 domimti
848 3215 958 3289 galliene
973 3216 1092 3277 homini·

56 3290 123 3351 vid:
140 3294 188 3361 qui
209 3290 273 3350 secit
292 3289 408 3363 Angelos
429 3294 488 3350 suos
505 3294 555 3365 spi·
587 3292 661 3355 bus,
685 3311 735 3349 tuo
752 3311 778 3349 re
796 3295 929 3368 praeponis
949 3294 1090 3353 Antiati?

52 3370 151 3427 titus.
185 3368 273 3424 Maria
298 3385 362 3423 vtro
388 3370 502 3424 Matrem
532 3367 556 3426 se
585 3364 697 3437 {felix
718 3368 824 3434 Maria,
847 3369 891 3423 cui
910 3386 959 3426 nec
977 3362 1091 3423 humili·

48 3439 224 3512 agnoscent,
257 3435 419 3510 Maiestatem
451 3439 556 3510 illam,
586 3459 624 3496 tar
649 3439 760 3505 deluit,
784 3458 833 3496 nec
856 3441 1022 3515 virginitas.
1054 3442 1090 3497 Et

53 3516 101 3571 cui
123 3511 163 3570 illl
184 3534 248 3571 cum
267 3514 554 3577 reuerentiastrviunt‚
584 3510 692 3581 quidem
737 3510 871 3585 fingularis
921 3516 1090 3582 virginitas,

49 3605 120 3646 cum
145 3587 241 3645 fiducia
266 3586 343 3644 suum
368 3605 501 3658 nuncupat
527 3585 555 3644 li-
584 3605 665 3656 quarn
682 3604 735 3643 non
753 3590 916 3656 temeravit,
944 3585 987 3643 sed
1006 3581 1091 3640 hono·

51 3659 146 3723 lium:
171 3681 220 3719 nec
238 3659 392 3725 dedignatur
409 3663 554 3732 nuncupari
585 3661 654 3718 ravit
674 3658 857 3719 foecundrtae.
882 3666 916 3719 Et
947 3656 1089 3717 nihilomi-

49 3734 155 3805 Dtut,
179 3734 253 3805 quod
281 3733 329 3792 esse
353 3732 474 3806 dignatus
492 3728 555 3790 est.
584 3751 632 3789 nus
661 3729 782 3804 specialis
808 3730 977 3802 humilitas,
1004 3748 1088 3801 quam

49 3810 127 3869 Nam
146 3805 239 3881 paullo
256 3805 314 3878 poll
332 3807 419 3865 subdit
437 3813 555 3873 Evanee·
584 3825 637 3863 non
655 3804 781 3875 abstulit,
799 3806 844 3865 sed
861 3802 960 3863 extulit
979 3804 1087 3861 soecun-

47 3878 139 3944 lilla:
174 3887 209 3939 lit
243 3898 297 3939 erat
333 3879 453 3937 i'ubditua
478 3878 556 3939 illis.
583 3878 616 3939 da
636 3883 798 3951 virginitas:
824 3872 1089 3949 &incomparabilia

48 3957 148 4025 Quia?
164 3955 279 4027 quibus?
297 3953 374 4011 Deua
385 3952 556 4024 hominibus,
584 3955 692 4027 prorsus
711 3950 888 4016 facunditas,
905 3969 986 4020 quam
1004 3952 1090 4023 virui·

49 4032 151 4095 Deua,
169 4032 298 4101 inquam,
318 4029 365 4085 cui
383 4026 478 4097 Augeli
497 4028 556 4087 sub·
584 4029 653 4087 nitas
679 4026 754 4086 fimul
777 4026 924 4085 comitatur
947 4030 975 4085 dt
994 4022 1088 4085 hull-

46 4104 105 4171 ‹llti
124 4103 202 4179 suut,
219 4105 264 4164 tui
285 4101 454 4177 Principatut
468 4104 555 4164 &Po-
583 4100 662 4162 litat.
687 4097 766 4175 Quid
783 4098 882 4162 heum
897 4116 953 4161 nm
967 4096 1083 4233 magi·
