2362 4552
336 416 455 500 officim
473 421 646 481 Immaculata
660 418 861 501 l'enteeprt'ant't.¹
1040 426 1084 495 83·

76 520 178 583 fluvius
194 538 304 593 mattae,
328 527 407 599 juxta
426 520 507 597 luel,
531 530 577 595 qui
609 520 836 593 quemadmodum
877 517 1032 585 adllrlldum
1055 506 1120 585 'est

77 600 175 667 irrigat
192 614 362 663 torrentem,
390 596 515 664 sunium,
537 596 580 656 vei
608 599 686 655 morti
712 614 794 668 genua
818 594 968 657 iumnanum
993 614 1051 671 per·
1064 602 1123 658 vir·

76 670 231 743 spinarume
255 668 554 805 suniunfficatorum
570 707 580 740 ‚
599 672 723 745 ainerti,
751 670 867 729 salvatur
886 692 933 745 per
951 672 1084 743 virginem
1104 712 1117 746 ,

76 744 176 816 quibus
196 762 274 805 antea
297 740 363 815 allig
431 762 501 817 tur,
524 747 578 818 spi-
608 764 684 815 aqua
712 744 788 806 latice
821 740 947 817 disposita
974 744 1118 818 virginalia

75 838 193 887 natum,
209 836 271 889 quae
286 817 419 880 susorum
437 820 580 878 sementem
610 817 805 883 inobedientia,
820 838 869 892 ptr
879 816 1038 891 virginalem
1050 822 1117 881 obe·

75 894 163 967 patria
186 890 326 953 samiiiat.
353 894 421 953 Haec
444 890 483 952 eli
500 894 580 952 Porta
610 892 753 950 dientiam.

74 964 233 1033 orientalia,
251 984 282 1025 ut
299 963 500 1037 aitfiueeiriel,
512 965 580 1025 sem·
609 974 642 1033 ve.
662 966 816 1037 Conceptio
832 982 896 1037 tua,
913 962 968 1023 Dei
984 966 1116 1028 Genitrix

72 1060 124 1113 per
148 1037 240 1099 clausa
262 1044 292 1099 dt
314 1038 433 1104 lueida,
458 1044 581 1113 operient
611 1042 702 1107 virgo,
724 1036 851 1113 gaudium
868 1042 1036 1102 annuntiavit
1052 1043 1116 1101 uni-

74 1118 106 1173 in
131 1112 180 1182 se,
202 1110 244 1171 vel
261 1134 295 1173 ex
319 1114 346 1173 se
362 1113 499 1185 proferent
523 1114 581 1173 san-
611 1112 685 1169 verso
704 1113 823 1173 mundo:
841 1118 857 1149 ⁴¹
875 1119 915 1173 Ex
931 1131 959 1171 te
976 1118 1048 1173 enim
1066 1134 1114 1175 ot·

72 1188 116 1246 etr
134 1189 307 1259 suetorum,
325 1206 468 1258 perquam
487 1187 580 1262 solju·
610 1204 653 1241 tur
681 1182 720 1243 est
747 1184 787 1244 sol
819 1184 958 1259 julitta,
988 1186 1120 1249 Chrillus‘·

73 1258 178 1331 stitia,
196 1268 222 1320 &
246 1259 370 1319 Pontifex
389 1258 474 1319 noster
493 1261 580 1321 seeun-
611 1260 690 1317 Deua
705 1256 806 1319 noller.
824 1267 838 1295 ⁴¹
856 1264 917 1331 Qri
935 1260 1038 1321 l'olvem
1057 1282 1117 1324 ma-

73 1333 143 1393 dum
153 1334 271 1393 ordinem
282 1332 481 1395 nieiehisedeelt
498 1336 580 1406 ingre·
612 1332 1120 1409 iedidtiouem,deditbenedisiiooem,

75 1408 173 1478 ditur,
190 1414 216 1469 dt
235 1408 388 1481 egreditur.
610 1414 637 1464 dt
656 1406 818 1467 confundent
834 1426 948 1467 mortem
969 1448 981 1481 ,
1007 1410 1121 1471 donavit:

75 1494 115 1553 m·
134 1483 210 1543 Cum
228 1480 398 1555 jucunditate
416 1482 582 1555 Con-:rotie-
611 1480 687 1538 nobie
705 1483 791 1541 vitam
810 1480 1011 1557 stropitemam.

72 1574 139 1613 uem
170 1554 254 1615 beatae
280 1558 379 1615 Mutia·
408 1554 581 1625 recolamuat
613 1556 645 1615 l‘-
674 1556 816 1615 lienedista
831 1575 862 1615 tu
881 1558 908 1615 in
925 1556 1120 1629 rnnlietibua,·

75 1630 93 1665 ⁸
119 1633 164 1689 Ur
187 1629 243 1701 ipsa
264 1650 315 1701 pro
330 1629 410 1687 nobis
441 1630 582 1688 intercedat
612 1636 637 1687 δι
650 1627 802 1691 benenom
819 1629 923 1691 frustm
939 1632 1038 1691 ventris
1056 1634 1120 1695 tui·

74 1700 112 1759 ad
129 1700 278 1761 Dominum
295 1704 388 1775 Jesum
404 1702 564 1763 Christum.
613 1708 651 1759 Ex
669 1718 703 1762 te.
719 1702 818 1763 Gloria
835 1706 917 1763 Patri.
936 1706 1009 1781 Qui.

76 1776 114 1841 7.
139 1775 231 1835 Corde
255 1784 283 1837 8ι
300 1780 392 1836 animo
408 1774 520 1838 Cluilio
536 1796 583 1836 ca-
712 1784 744 1833 ln
763 1776 842 1833 tertia
869 1774 1012 1839 Nullamne.

74 1866 173 1907 narum
189 1846 303 1919 gloriam
319 1854 347 1908 in
363 1851 415 1909 hae
429 1850 583 1911 saeraeom-
630 1850 724 1909 Iasiio
748 1850 826 1909 sandei
847 1850 983 1923 Evangelii
1004 1850 1100 1913 seciani

74 1928 274 1983 memoratione
292 1922 421 1997 pratelsa
436 1926 583 1984 Genitritia
737 1924 801 1984 ditm
819 1924 994 1986 mattheum.

73 1996 133 2055 Dei
153 2000 261 2056 Maria.
283 2002 326 2058 Ut
345 1998 409 2069 ipsa,
650 1993 736 2059 nessia
749 1994 804 2055 vil.
979 2008 1078 2078 Caper.

73 2074 119 2129 Ex
145 2068 217 2129 libro
243 2070 323 2131 santii
343 2073 435 2131 Irenai
456 2071 581 2149 Episcopi
667 2072 729 2130 Iber
747 2072 923 2141 generationis
946 2074 1009 2147 Jesu
1027 2072 1124 2135 clei:

152 2150 179 2205 δι
205 2148 361 2221 Martyris,
384 2146 509 2208 adversus
685 2142 718 2203 sti
743 2142 793 2203 lilii
816 2144 934 2211 David,
957 2146 1007 2206 filii
1030 2146 1119 2207 Abra·

267 2220 398 2279 hareses.
612 2218 704 2277 ham·
733 2218 867 2279 Abraham
896 2224 993 2291 genuit
1010 2218 1118 2291 Isaac,

198 2292 274 2350 Liber
293 2314 319 2361 5.
345 2309 404 2369 cap.
426 2310 471 2351 ro.
612 2292 686 2352 isaac
710 2310 803 2353 autem
829 2298 923 2367 genuit
940 2297 1052 2367 Jaeeu.
1080 2300 1117 2355 Et

258 2366 342 2429 Lei-lio
362 2366 407 2427 vi.
612 2364 732 2437 leliqua·

72 2442 142 2573 ΙΝ
161 2438 205 2500 sua
224 2446 332 2515 propria
349 2444 470 2501 veniente
483 2442 581 2503 Domi·
612 2438 733 2499 Homilia
750 2442 897 2513 &Ioannis
911 2438 1119 2519 chrysostomi.

124 2534 178 2586 no,
203 2522 230 2575 dt
250 2514 297 2575 sua
313 2518 425 2591 propria
448 2536 510 2577 eum
536 2518 581 2575 ba-
701 2513 798 2573 Hrmr'l.
815 2536 839 2574 2.
868 2512 900 2573 in
920 2514 1024 2575 dsattle.

71 2588 178 2663 julanre
196 2588 374 2659 conditione,
401 2608 461 2660 qua
477 2588 581 2664 bajula·
794 2588 848 2665 μβ
869 2585 937 2645 init.

72 2681 122 2720 tur
140 2664 175 2721 ab
191 2662 268 2737 ipso,
287 2662 581 2736 &recapitulationem
679 2665 753 2737 Ujur
771 2682 838 2722 vero
855 2666 894 2723 rei
914 2664 1000 2737 gratia
1016 2662 1118 2725 librum

71 2737 155 2805 eius,
181 2756 243 2807 qua
267 2740 298 2795 in
325 2736 400 2811 ligno
416 2736 472 2795 suit
489 2740 579 2799 inobe-
689 2738 776 2810 ipsum
802 2741 979 2809 generationis
1011 2738 1117 2799 Christi

71 2810 202 2875 dieutiae,
219 2829 268 2883 per
285 2830 361 2881 eam,
382 2830 444 2881 qua
460 2813 488 2870 in
508 2810 581 2887 ligno
611 2827 715 2880 vocat,
741 2810 787 2869 ubi
808 2830 861 2869 non
882 2809 939 2871 iola
955 2812 1052 2883 utique
1069 2832 1120 2879 ge·

71 2880 131 2949 eli,
147 2882 325 2942 obedientiam
342 2884 477 2955 faciente,
495 2894 521 2945 dr
542 2887 581 2944 se·
611 2887 716 2943 neratio
729 2922 744 2953 ,
764 2882 887 2942 sedeone
910 2884 1017 2961 prorsus
1034 2885 1117 2957 ipsius

74 2956 204 3017 ductione
223 2954 273 3017 illa
292 2958 404 3028 soiura,
427 2978 482 3029 qua
502 2958 581 3021 serlu-
612 2955 727 3033 rnylierii
753 2956 913 3031 dispensatio
937 2962 1118 3023 continetur?

73 3032 120 3091 fia
137 3026 174 3089 ell
190 3029 263 3091 rnale
280 3031 347 3103 illa,
372 3038 503 3106 quaejam
520 3036 581 3093 viro
611 3034 688 3109 Ouia
705 3032 792 3089 totius
807 3032 913 3091 scilieet
941 3032 1121 3106 dispensatio-

74 3099 207 3166 destinata
231 3121 288 3166 etat
314 3110 403 3179 Virgo
425 3112 506 3177 ἕνη
535 3128 582 3181 pet
609 3112 649 3164 nir
665 3119 766 3177 eaput,
792 3104 894 3175 radix,
922 3123 999 3179 atque
1018 3109 1121 3181 prinei-

69 3180 215 3239 veritatem
249 3178 429 3253 evangelizata
453 3178 490 3239 eii
517 3183 582 3240 bene
610 3184 686 3251 pium
703 3180 824 3236 onmium
841 3180 918 3235 nobis
937 3184 965 3239 itt
982 3180 1036 3239 ltoe
1052 3202 1122 3239 enn-

70 3254 106 3311 ab
123 3254 230 3328 angelo
256 3256 315 3328 jam
338 3254 389 3311 sub
415 3255 475 3312 viro
493 3258 580 3326 Virgo
610 3250 673 3311 stllrt
690 3250 839 3311 bonorutrr.
858 3258 901 3312 Ut
919 3256 992 3313 enim
1011 3254 1122 3330 moysee

74 3328 184 3385 Maria.
201 3326 441 3401 Quemadmodum
456 3330 528 3387 enim
546 3324 580 3387 il·
611 3326 712 3385 ltbrum
729 3323 789 3382 caeli
809 3324 955 3399 appellavit
970 3348 1002 3387 ac
1022 3347 1119 3399 terra,

72 3398 103 3457 lo
121 3420 168 3469 per
186 3400 351 3475 Angelieum
377 3400 523 3461 sermonem
541 3402 581 3465 se·
610 3420 673 3459 eum
699 3415 771 3458 cette
801 3418 853 3458 non
878 3400 911 3461 de
934 3400 1001 3460 eaelo
1033 3400 1121 3459 solum

72 3472 155 3532 dueta
175 3472 232 3542 est,
260 3492 291 3533 ut
312 3474 444 3549 effugeret
462 3477 581 3547 Deum,
611 3492 734 3543 terraque
754 3470 924 3546 loqueretur,
943 3474 986 3535 sed
1004 3474 1037 3531 de
1050 3494 1121 3533 eun-

72 3548 245 3677 graevatieata
262 3550 371 3607 verbum
388 3552 471 3624 eiust
496 3552 538 3611 ita
554 3557 582 3611 de
610 3551 660 3609 etis
684 3566 746 3617 qua
773 3547 843 3606 inter
869 3550 928 3619 ipsa
953 3547 1117 3609 subsidunt:

95 3638 135 3677 ac
169 3640 218 3689 per
250 3622 402 3697 angelicum
433 3622 582 3685 sermonem
611 3625 649 3681 ira
667 3623 750 3679 etiam
771 3621 932 3697 Evangeliila
950 3624 982 3678 ab
993 3622 1122 3693 ipsoorn·

72 3691 256 3763 evangelizata
292 3696 363 3763 est,
399 3713 431 3755 ut
463 3714 582 3771 portaret
610 3698 686 3753 nium
705 3692 778 3749 sorite
796 3702 824 3757 &
842 3694 1071 3770 capst2b0110mm
1083 3694 1119 3753 ij.

74 3767 188 3831 Deum,
204 3766 329 3829 obedient
347 3768 406 3829 eius
424 3772 521 3831 verbo.
549 3778 580 3831 Εῑ
611 3772 688 3828 brum
707 3772 833 3828 vocavit.

71 3838 140 3899 stcut
161 3838 207 3899 illa
228 3840 332 3904 sedulia
349 3842 404 3911 est,
429 3864 461 3903 ut
479 3846 579 3921 effitge-
611 3856 646 3913 ve.
666 3847 774 3901 Beatam
795 3864 838 3901 me
856 3842 945 3900 «licent
963 3860 1055 3899 omme
1072 3860 1119 3913 ge-

72 3930 115 3973 ret
142 3914 233 3991 Deum
257 3939 266 3980 t
291 3916 328 3977 fic
358 3918 419 3977 liae
445 3918 520 3979 suasa
545 3916 581 3977 esl
611 3918 781 3977 nerationest
817 3916 928 3990 *Quia
955 3916 1021 3973 fecit
1048 3915 1117 3972 atrilii

73 3984 186 4046 obedire
211 3990 290 4061 Deo,
318 4010 349 4049 ur
373 3992 497 4063 Virginis
522 4000 583 4055 Eva·
611 3992 755 4051 Dorrrinut
769 4008 862 4063 inagna
879 3994 926 4061 qui
946 4008 1041 4061 poteret
1058 3986 1115 4059 eil,

78 4062 167 4139 Virgo
184 4065 272 4127 liseria
288 4064 363 4129 fieret
379 4064 524 4129 advocata·
547 4074 582 4131 Et
589 4074 637 4183 l&
657 4066 775 4128 sarnetum
791 4082 888 4127 nomm
903 4068 1016 4205 cml
1046 4142 1079 4195 Et
