2362 4552
374 495 376 498 ,
468 433 542 513 aesta
560 429 692 500 Ollabris.
998 476 1001 481 .
1019 442 1056 507 35

57 535 99 598 Sit
117 536 243 596 Trinitati
264 533 368 611 gloria,
592 534 621 592 so
639 531 799 593 ministravi·
823 539 856 595 Et
874 532 909 594 stc
927 535 954 593 in
971 532 1036 593 Sion
1053 531 1095 592 fir·
1139 596 1145 605 ⁸

75 611 149 690 Qnae
168 613 264 670 Matris
282 614 408 669 incardium
428 605 531 685 finum,
592 626 659 668 mara
678 608 755 676 sum,
781 616 808 670 8(
826 614 853 668 in
869 611 983 667 civitate
1000 605 1095 666 sansti-

74 685 184 742 Drtavit
204 683 274 743 almo
294 686 440 754 Gernrine;
490 698 492 702 '
591 681 666 740 ficata
689 680 809 742 similiter
836 685 988 753 requievi,
1012 686 1038 740 8(
1063 684 1095 751 in

76 763 144 819 Lana
162 757 192 815 fit
211 779 256 830 per
273 778 351 817 omne
370 755 514 819 seculum.
555 764 559 771 '
591 754 734 827 Jerusalem
752 754 869 832 potestat
895 776 975 817 mea·
990 760 1035 814 -Et
1052 774 1095 815 ra·

130 834 234 890 nmen·
591 829 680 890 dicavi
705 835 733 889 in
762 830 865 905 populo
889 825 1095 899 honorificato,

75 903 237 980 Antiplunae
265 904 299 961 th
315 901 420 978 Psalmi
438 903 511 970 Noss-
530 926 560 962 ut
591 909 617 963 8(
646 906 673 961 in
697 926 771 976 parte
795 906 850 966 Dei
875 906 940 967 mei,
957 900 1096 963 hareditas

61 975 91 1035 sn
112 981 168 1049 ejus
188 977 274 1055 Officio
290 995 391 1055 parva.
593 972 688 1047 iliius,
705 984 733 1038 &
753 982 779 1038 in
797 978 964 1053 plenitudine
981 978 1094 1041 Sanefio·

154 1062 185 1110 Ia
210 1051 294 1130 prima
317 1046 471 1125 bsoliurna.
593 1071 649 1109 tum
671 1051 791 1112 detentio
809 1075 883 1114 tnta.

64 1128 100 1192 sl·
122 1130 216 1199 Specie
242 1146 289 1187 tua
314 1134 340 1188 8(
362 1126 562 1199 pulchritudine
593 1136 624 1194 [a.
641 1127 703 1185 Sine
722 1129 793 1186 tastu
813 1125 924 1201 pudoris
943 1126 1096 1186 inventam

59 1217 120 1257 tua.
146 1214 179 1272 132·
207 1199 332 1271 Intende,
358 1206 479 1276 prospere
498 1224 561 1275 pro·
593 1202 678 1258 Mater
694 1197 853 1263 silvatoris:
881 1205 895 1237 *
919 1202 980 1279 Qui
998 1195 1094 1264 caelu'tn
1136 1270 1138 1275 ,

58 1273 142 1339 cede,
162 1282 187 1334 8(
208 1293 303 1346 regna.
592 1292 739 1343 terramque
756 1277 841 1347 regit,
861 1277 952 1333 intua
974 1272 1095 1333 seclau-

142 1351 185 1405 Da
205 1348 272 1406 libro
291 1346 480 1408 Ecclesraliici.
592 1342 621 1402 stt
642 1345 741 1406 viscera
760 1346 844 1408 fat‘ius
861 1347 960 1405 homo·

100 1418 184 1484 Lesh'o
203 1423 224 1479 ι’.
408 1435 525 1501 (ψη.
594 1422 625 1479 s.
649 1420 789 1480 Bmedtcta
815 1443 844 1481 tu
864 1424 890 1479 in
908 1420 1093 1489 mulieribuat

116 1499 163 1554 Go
188 1516 219 1553 err
244 1517 289 1554 ore
307 1492 434 1555 Altilsrmi
457 1499 562 1570 prodivi
592 1500 618 1552 8(
633 1493 784 1553 benedictus
805 1491 905 1556 stulius
923 1499 1022 1557 ventris
1036 1496 1093 1554 tui.

102 1598 115 1624 a
137 1572 313 1641 primogenita
354 1588 415 1630 ante
458 1591 563 1630 omnem
592 1568 653 1642 Qui
672 1566 775 1627 caelum.
878 1637 883 1650 ι

63 1662 232 1701 creaturam.
256 1651 313 1716 Ego
339 1642 390 1701 feci
419 1646 445 1702 in
465 1642 562 1710 caelis,
771 1640 853 1704 tedio
869 1638 916 1700 tii.

58 1736 95 1774 ut
114 1721 229 1774 oriretur
247 1716 335 1776 lumen
352 1716 519 1784 indeficiens,
537 1725 563 1779 8(
662 1713 726 1775 Uah
744 1716 838 1775 cedrus
858 1714 974 1779 exaltata
990 1717 1048 1775 sum
1067 1718 1094 1775 in

64 1788 132 1847 licut
151 1791 243 1848 nebula
259 1793 314 1849 texi
329 1811 434 1850 omnem
452 1810 563 1852 terram·
678 1789 799 1860 Libano,
825 1798 851 1849 8(
870 1791 942 1861 quasa
960 1790 1093 1871 cypressus

70 1871 126 1933 Ego
155 1868 183 1922 in
207 1863 340 1924 altissimis
365 1865 511 1935 habitavi,
538 1873 564 1927 8(
594 1866 620 1921 in
636 1866 815 1924 monteSion.
830 1862 916 1950 Quas
924 1864 1013 1939 palma
1022 1863 1095 1926 exal·

64 1936 175 1996 thronus
193 1960 265 1997 mtus
284 1942 310 1996 in
328 1937 451 1999 columna
469 1942 563 1998 nubis.
592 1954 646 1996 tata
663 1936 721 1996 sum
737 1938 860 1999 inCadea
874 1980 883 2009 ‚
899 1947 925 1999 8(
936 1936 1093 2013 qua'hplan·

61 2012 168 2087 Gyrum
191 2012 249 2072 caeli
275 2015 389 2071 circuivi
419 2011 503 2084 sola,
537 2022 563 2074 &
592 2015 661 2071 tatio
685 2010 750 2070 rosa·
783 2017 809 2072 in
836 2011 977 2085 Jericho.
1006 2010 1093 2093 Quasi

64 2085 222 2152 profundum
242 2084 322 2161 abyssi
347 2092 482 2158 penetravi
503 2117 509 2148 ι
537 2091 563 2146 in
591 2083 666 2145 oliva
681 2085 797 2156 speciosa
811 2090 840 2147 in
854 2092 974 2160 campis,
992 2092 1095 2159 &qua-

62 2157 189 2219 ilutiibns
207 2164 286 2217 maris
309 2158 470 2226 ambulavi,
493 2167 518 2220 8(
538 2166 563 2219 in
593 2157 609 2214 sr
639 2157 758 2229 platanus
785 2159 898 2220 exaltata
926 2157 984 2221 sum
1013 2163 1093 2235 juxta

60 2238 135 2289 omni
155 2232 317 2300 munheri,
337 2240 362 2292 8(
381 2237 408 2291 in
426 2237 499 2292 omni
515 2255 563 2306 po-
593 2252 687 2301 aquam
712 2234 738 2291 in
757 2230 875 2304 plateis.
901 2237 977 2293 Sicut
1000 2238 1094 2293 cinna-

31 2365 35 2371 ,
60 2305 153 2379 pulo,
180 2315 205 2366 8(
225 2308 341 2363 inomni
361 2326 439 2374 gente
465 2310 563 2379 prima·
594 2324 715 2363 momum
749 2314 776 2363 8(
811 2306 957 2367 balsamum
994 2325 1097 2368 aroma·

61 2400 120 2437 tum
141 2381 237 2441 habui:
259 2388 285 2440 &
299 2383 420 2438 omniurn
437 2380 564 2440 excellcn-
593 2381 676 2436 tizam
692 2378 802 2437 olorem
821 2379 881 2439 dedi
899 2409 919 2445 :2
932 2376 1006 2452 quast
1022 2400 1095 2456 myr-

62 2458 133 2511 tium
153 2462 178 2513 8(
196 2453 345 2513 humilium
363 2454 443 2515 corda
464 2458 564 2514 virtute
592 2448 640 2510 tha
657 2450 739 2512 elesii
763 2452 786 2529 d¹
814 2456 823 2511 i
851 2453 1006 2515 suavitatem
1029 2455 1096 2515 odo-

62 2525 190 2590 calcavi:
218 2536 250 2608 8(
268 2531 294 2585 in
315 2525 497 2588 hisournibus
523 2552 562 2589 re·
592 2526 776 2596 ris‚&quasr
833 2534 943 2595 ran&
995 2528 1096 2609 banus,

60 2602 153 2668 quiem
172 2606 298 2672 quesivi.
323 2610 350 2663 8(
368 2603 395 2661 in
411 2602 563 2663 hereditate
592 2606 618 2659 8(
638 2600 763 2673 ungula,
789 2608 814 2661 8(
841 2622 940 2674 gutta,
1020 2603 1094 2674 quast

62 2677 176 2734 Domini
196 2678 336 2735 morabor.
593 2675 711 2735 Libanus
728 2695 780 2733 non
798 2677 895 2735 incisnr
905 2684 1038 2751 vaporavi
1050 2677 1096 2739 lu·

61 2761 95 2820 it·
116 2748 188 2808 Felix
206 2771 233 2806 es
255 2752 325 2810 sacra
345 2753 432 2821 Virgo
451 2753 565 2819 Maria,
593 2751 748 2808 bitationem
766 2769 872 2815 urtam,
901 2758 928 2811 8(
946 2748 1018 2821 quas
1036 2749 1094 2809 bal-

61 2832 89 2882 &
108 2827 180 2881 omni
200 2822 276 2882 laude
294 2824 461 2889 dimissura:
485 2832 499 2861 a
525 2832 563 2884 Ex
595 2822 696 2882 lanium
713 2842 765 2881 nou
780 2828 896 2881 uriarum
916 2824 981 2880 odor
1003 2845 1095 2884 niens,

61 2917 114 2966 qua
133 2916 206 2954 ortus
233 2896 269 2955 eli
295 2899 333 2956 sol
353 2897 462 2971 justitie
480 2899 563 2959 Chri·
594 2902 625 2954 Et
644 2917 695 2967 ego
713 2898 786 2967 quast
803 2897 990 2957 therebinthus
1009 2917 1096 2957 exten-

66 2969 119 3028 sius
139 2971 213 3028 Deus
230 2969 334 3043 noster,
353 2994 400 3043 per
416 2995 496 3044 quem
514 2972 560 3031 sal·
592 2970 619 3025 di
640 2990 725 3028 ramos
744 2992 770 3029 m
787 2991 833 3033 os,
852 2978 879 3031 8(
898 2974 963 3030 rami
984 2969 1099 3032 rneiht»

65 3047 119 3105 vati
142 3052 168 3103 &
189 3045 320 3119 redempti
342 3049 448 3106 siamus.
593 3047 666 3101 noris
684 3050 710 3104 8(
729 3047 836 3117 gratie.
864 3052 918 3110 qu
936 3044 1011 3117 quasa
1031 3048 1095 3106 vitia

66 3120 103 3182 81.
132 3122 327 3179 maternitatem
359 3122 442 3181 beata:
474 3123 566 3181 Maria
595 3117 753 3177 fructificavi
774 3118 931 3178 suavitatem
950 3120 1056 3179 odoris.

64 3193 183 3264 Virginis
197 3214 259 3250 curn
275 3195 372 3265 gaudio
387 3194 564 3255 celebremus·
595 3204 627 3260 iit.
652 3191 748 3252 Multae
784 3193 845 3252 saliae
871 3212 1095 3268 congregaverunt
1124 3200 1131 3217 '

66 3271 106 3323 Ex
124 3286 177 3334 qua
194 3286 275 3325 ortus.
594 3267 727 3329 divitias:
753 3286 783 3325 tu
813 3267 967 3339 supergressa
986 3290 1015 3329 es
1033 3270 1094 3326 uni·

249 3338 329 3403 refiia
350 3341 384 3403 ii.
597 3338 693 3404 versas:
713 3343 726 3375 ⁴¹
746 3341 873 3414 Speciosa
891 3340 1096 3402 fattarsstsua·

66 3412 201 3542 TUnc
220 3424 345 3491 pracepit
364 3426 390 3477 8(
408 3416 477 3475 dixit
496 3417 563 3473 mihi
595 3417 635 3472 via
654 3420 679 3472 in
692 3414 795 3473 deliciis
810 3414 1020 3477 trasimenum
1037 3417 1096 3473 Ge-

149 3489 261 3548 Creator
286 3494 434 3551 onmiumr
463 3498 489 3549 &
518 3494 564 3560 qui
594 3491 693 3547 nita-ix·
720 3492 751 3550 1¹.
771 3492 889 3552 sentiant
909 3510 998 3547 oannes
1015 3508 1093 3546 tuum

64 3566 165 3618 creavit
182 3583 241 3632 me,
260 3569 393 3636 requievit
411 3569 437 3621 in
450 3568 562 3623 taberna·
595 3565 745 3634 juvamen,
774 3568 938 3634 quicumque
962 3560 1095 3621 celebrant

65 3631 129 3690 culo
149 3655 224 3704 meo,
244 3642 351 3699 &dixit
368 3637 453 3699 mihi:
473 3641 504 3695 in
518 3641 564 3709 Ja-
595 3656 668 3694 tuam
713 3637 824 3698 santiam
863 3641 1094 3696 biaernitatem.

64 3708 118 3763 cob
135 3707 270 3780 inhabita,
290 3720 315 3772 &
339 3716 363 3769 in
382 3713 461 3770 lsrael
481 3712 564 3769 hare·
595 3709 717 3780 Speciosa
736 3710 801 3772 fat'ta
821 3731 857 3768 ea·

62 3782 147 3840 ditare
167 3818 177 3849 ‚
203 3793 228 3842 8(
248 3790 274 3842 in
293 3785 382 3846 elesiis
401 3788 467 3842 meis
488 3788 564 3842 mitte
594 3781 692 3843 Gloria
711 3787 795 3843 Patri.
813 3782 939 3853 Speciosa
958 3779 1078 3842 fadaer.

63 3855 181 3913 radices.
202 3858 243 3915 nb
261 3862 343 3918 initio
360 3867 386 3919 8(
406 3879 463 3918 ante
483 3859 548 3916 secu
683 3862 713 3913 ln
728 3858 836 3932 ficundo
854 3854 1005 3926 Noslurno.

62 3928 197 3987 lacteam
217 3931 299 4001 sitm,
323 3941 349 3993 8(
369 3932 450 4002 usqne
469 3930 500 3991 ad
520 3931 561 3990 su-
595 3935 626 3995 ss.
653 3934 758 3992 Diffusa
787 3927 824 3987 est
851 3933 936 4000 gratia
963 3930 992 3986 in
1017 3926 1098 3989 labiis

61 4021 157 4060 turum
176 4002 302 4065 sarculum
318 4027 371 4064 non
388 4004 521 4077 dehnam,
537 4015 563 4064 8(
593 4013 662 4063 ruis·
687 4018 721 4075 isc.
746 4007 886 4074 Propterea
910 4001 1043 4061 benedixit
1067 4020 1096 4063 te

63 4080 95 4137 iu
116 4075 285 4142 habitatione
308 4078 393 4143 sancia
411 4100 502 4145 coram
519 4082 563 4155 ip-
573 4078 667 4179 [Deua
684 4081 715 4136 in
730 4094 909 4204 aternani}
1018 4152 1058 4213 Ex
